@string{lncs="Lecture Notes in Computer Science"}
@string{springer="Springer-Verlag"}
@string{entcs="Electronic Notes in Theoretical Computer Science"}
@string{elsevier="Elsevier  Publishing"}
@string{ic="Information and Computation"}
@string{tcs="Theoretical Computer Science"}
@string{sigplan = "ACM SIGPLAN Notices"}

@Techreport{Avocs-RR,
  	title = {{Using {SMT} engine to generate Symbolic Automata -- Extended version}},
	author = {Qin, Xudong and Bliudze, Simon and Madelaine, Eric and Zhang, Min},
	language = {Anglais},
	type = {Rapport de recherche},
	institution = {INRIA},
	number = {RR-9177},
	year = {2018},
	month = jun,
}

@InProceedings{HKM-FASE16,
  author= "L. Henrio and O. Kulankhina and E. Madelaine",
  title= "Integrated environment for verifying and running distributed components",
 booktitle = {{in proc. of the 19th Int. Conf. on Fundamental Approaches to Software Engineering (FASE'16)}},
  publisher = "Springer",
  year = "2016"
}


@InProceedings{Taguchi03,
  author= "K. Taguchi and T. Enokido and M. Takizawa",

  institution = "Tokyo Denki University",
  booktitle = {{in proc. of the 2003 Int. Conf. on Parallel Processing Workshops (ICPPW'03)}}},
  publisher = "IEEE",
  year = "2003"
}

@inproceedings{Rensink97,
  author =	 {Arend Rensink},
  title =	 "Bisimilarity of Open Terms",
  booktitle =	 "Expressiveness in Languages for Concurrency",
  editors = "C. Palamidessi and J. Parrow (eds)",
  year =	 1997
}

@article{deSimone85,
  author =   {R. {De Simone}},
  title =    {Higher-level Synchronising Devices in {MEIJE-SCCS}},
  journal =  {Theoretical Computer Science},
  year =     {1985},
  volume =   {37},
  pages =    {245-267},

}
@article{Larsen87,
  author =   {Kim G. Larsen},
  title =    {A Context Dependent Equivalence Between Processes},
  journal =  {Theoretical Computer Science},
  year =     {1987},
  volume =   {49},
  pages =    {184-215},

}
@InProceedings{HMZ:PDP15,
  author= "L. Henrio and E. Madelaine and M. Zhang",
  title=  {{pNets: an Expressive Model for Parameterised Networks of Processes}},
  institution = "INRIA-Sophia Antipolis",
  booktitle = {{23rd Euromicro International Conference on Parallel, Distributed, and Network-Based Processing (PDP'15)}}},
  publisher = "IEEE",
  year = "2015"
}

@incollection{ACTL1990,
year={1990},
isbn={978-3-540-53479-2},
booktitle={Semantics of Systems of Concurrent Processes},
volume={469},
series={Lecture Notes in Computer Science},
editor={Guessarian, Ir√®ne},
doi={10.1007/3-540-53479-2_17},
title={Action versus state based logics for transition systems},
url={http://dx.doi.org/10.1007/3-540-53479-2_17},
publisher={Springer Berlin Heidelberg},
author={De Nicola, Rocco and Vaandrager, Frits},
pages={407-419},
language={English}
}

@article{ACTL1993,
author = {Rocco De Nicola and Alessandro Fantechi and Stefania Gnesi and Gioia Ristori},
title = {{An Action-Based Framework for Verifying Logical and Behavioural Properties of Concurrent Systems}},
journal = {Computer Networks and Isdn Systems},
volume = {25},
year = {1993},
pages = {761--778},
issue = {7},
doi = {10.1016/0169-7552(93)90047-8},
masid = {372507}
}

@article{Koz83,
   author = {D. Kozen},
   journal = TCS,
   title = {Results on the Propositional Mu-Calculus},
   volume = 40,
   year = 1985
}


@inproceedings{MateescuFM2008,

author =      {R. Mateescu and D. Thivolle},
title =       {A Model Checking Language for Concurrent Value-Passing Systems},
booktitle =   {FM'08},
year =        2008,
editor = {J. Cuellar, T. S. E. Maibaum, K. Sere},
publisher = {Springer, Heidelberg},
series = {LNCS},
volume = {5014}
}

@Book{Milner89,
  author =       "R. Milner",
  title =        "Communication and Concurrency",
 publisher = {Prentice-Hall, Englewood Cliffs, New Jersey},
  year =         "1989",
  series =       "Int. Series in Computer Science",
  note =         "SU Fisher Research 511/24",
}

@article{DeNicolaVaandrager95,
 author = {De Nicola, Rocco and Vaandrager, Frits},
 title = {Three Logics for Branching Bisimulation},
 journal = {J. ACM},
 issue_date = {March 1995},
 volume = {42},
 number = {2},
 month = mar,
 year = {1995},
 issn = {0004-5411},
 pages = {458--487},
 numpages = {30},
 url = {http://doi.acm.org/10.1145/201019.201032},
 doi = {10.1145/201019.201032},
 acmid = {201032},
 publisher = {ACM},
 address = {New York, NY, USA},
 keywords = {CTL*, Hennessy-Milner logic, Kripke structures, backward modalities, branching bisimulation equivalence, concurrency, doubly labeled transition systems, labeled transition systems, reactive systems, semantics, stuttering equivalence, until operations},
} 


@inproceedings{Linconcur96,
author =      {H.M. Lin},
title =       {Symbolic Transition Graph with Assignment},
booktitle =   {Concur'96},
year =        1996,
editor = {Ugo Montanari and Vladimiro Sassone},
publisher = {Springer, Heidelberg},
series = {LNCS},
volume = {1119},
pages={50-65}
}


@inproceedings{LinFORTE98,
author =      {H.M. Lin},
title =       {"On-the-Fly Instantiation" of Value-Passing Processes},
booktitle =   {FORTE'1998},
year =        1998,
editor = {Stanislaw Budkowski and Ana R. Cavalli and Elie Najm},
publisher = {IFIP},
series = {},
volume = {135},
pages={215-230}
}

@article{Deng2001,
   author = {Y.X. Deng},
   journal = {Journal of Shanghai Jiaotong University},
   title = { Algorithm for Verifying Strong Open Bisimulation in $\pi$ calculus},
   volume = {2},
   year = 2001,
   pages={147-152}
}

@InProceedings{CM:FMCO08,
  author = 	 {Antonio Cansado and Eric Madelaine},
  title = 	 {Specification and Verification for Grid Component-based Applications: from Models to Tools},
  booktitle =	 {FMCO 2008},
  year =	 2009,
  editor =	 {Frank S. de Boer and Marcello M. Bonsangue and Eric Madelaine},
  series =	 {LNCS},
  number =       5751,
  publisher =    {Springer-Verlag}
}

@inproceedings{HKLM:Foclasa14,
  TITLE = {{Verifying the correct composition of distributed components: Formalisation and Tool}},
  AUTHOR = {Henrio, Ludovic and Kulankhina, Oleksandra and Liu, Dongqian and Madelaine, Eric},
  BOOKTITLE = {{FOCLASA}},
  ADDRESS = {Rome, Italy},
  YEAR = {2014},
  series={EPTCS}, number={175},
  URL = {https://hal.inria.fr/hal-01055370}
  }

@article{Arnold1982,
   author = {Arnold, Andr\'e},
   journal = {Acta Informatica},
   title = { Synchronised behaviours of processes and rational relations},
   volume = {17},
   year = 1982,
   pages={21-29}
}

@article{HennessyRathke:TCS98,
  author    = {Matthew Hennessy and
               Julian Rathke},
  title     = {Bisimulations for a Calculus of Broadcasting Systems},
  journal   = {Theoretical Computer Science},
  volume    = {200},
  number    = {1-2},
  pages     = {225--260},
  year      = {1998},
  url       = {http://dx.doi.org/10.1016/S0304-3975(97)00261-2},
  doi       = {10.1016/S0304-3975(97)00261-2},
  timestamp = {Wed, 19 Nov 2003 16:10:43 +0100},
  biburl    = {http://dblp.uni-trier.de/rec/bib/journals/tcs/HennessyR98},
  bibsource = {dblp computer science bibliography, http://dblp.org}
}
@article{HennessyLin:TCS95,
  author    = {Matthew Hennessy and
               Huimin Lin},
  title     = {Symbolic Bisimulations},
  journal   = {Theoretical Computer Science},
  volume    = {138},
  number    = {2},
  pages     = {353--389},
  year      = {1995},
  url       = {http://dx.doi.org/10.1016/0304-3975(94)00172-F},
  doi       = {10.1016/0304-3975(94)00172-F},
  timestamp = {Thu, 24 Feb 2011 11:04:14 +0100},
  biburl    = {http://dblp.uni-trier.de/rec/bib/journals/tcs/HennessyL95},
  bibsource = {dblp computer science bibliography, http://dblp.org}
}


@misc{LotosISO89,
  author = "ISO",
  title = "{Information Processing Systems -- Open Systems Interconnection -- LOTOS -- A Formal Description Technique based on the Temporal Ordering of Observational Behaviour. ISO/IEC 8807, International Organisation for Standardization, Geneva, Switzerland}",
  year = "1989",
  url = "citeseer.ist.psu.edu/338220.html" 
}

@TECHREPORT{BarFT-RR-17,
  author =	 {Clark Barrett and Pascal Fontaine and Cesare Tinelli},
  title =	 {{The SMT-LIB Standard: Version 2.6}},
  institution =	 {Department of Computer Science, The University of Iowa},
  year =	 2017,
  note =	 {Available at {\tt www.SMT-LIB.org}}
}

@article{ClarkeGJ97,
  author    = {Edmund M. Clarke and
               Orna Grumberg and
               Somesh Jha},
  title     = {Verifying Parameterized Networks},
  journal   = {{ACM} Trans. Program. Lang. Syst.},
  volume    = {19},
  number    = {5},
  pages     = {726--750},
  year      = {1997},
  url       = {http://doi.acm.org/10.1145/265943.265960},
  doi       = {10.1145/265943.265960},
  timestamp = {Mon, 03 Apr 2006 11:19:30 +0200},
  biburl    = {http://dblp.uni-trier.de/rec/bib/journals/toplas/ClarkeGJ97},
  bibsource = {dblp computer science bibliography, http://dblp.org}
}

@inproceedings{Bultan97,
author =      {Tevfik Bultan and Richard Gerber and William Pugh},
title =       {Symbolic Model Checking of Infinite State Systems Using Presburger Arithmetic},
booktitle =   {CAV},
year =        1997,
publisher = {LNCS},
series = {11/1998},
volume = {1254},
pages={400-411}
}

@techreport{HMZ:RR-2016,
	title = {A Theory for the Composition of Concurrent Processes -- Extended version},
	author = {Henrio, Ludovic and Madelaine, Eric and Zhang, Min},
	language = {Anglais},
	type = {Rapport de recherche},
	institution = {INRIA},
	number = {RR-8898},
	year = {2016},
	month = Apr,
}

@inproceedings{henrio:Forte2016,
  TITLE = {{A Theory for the Composition of Concurrent Processes}},
  AUTHOR = {Henrio, Ludovic and Madelaine, Eric and Zhang, Min},
  URL = {https://hal.inria.fr/hal-01432917},
  BOOKTITLE = {{Formal Techniques for Distributed Objects, Components, and Systems (FORTE)}},
  ADDRESS = {Heraklion, Greece},
  VOLUME = {LNCS-9688},
  YEAR = {2016}
}

@inproceedings{henrio:Forte2016long,
  TITLE = {{A Theory for the Composition of Concurrent Processes}},
  AUTHOR = {Henrio, Ludovic and Madelaine, Eric and Zhang, Min},
  URL = {https://hal.inria.fr/hal-01432917},
  BOOKTITLE = {{36th International Conference on Formal Techniques for Distributed Objects, Components, and Systems (FORTE)}},
  ADDRESS = {Heraklion, Greece},
  EDITOR = {Elvira Albert and Ivan Lanese},
  SERIES = {Formal Techniques for Distributed Objects, Components, and Systems},
  VOLUME = {LNCS-9688},
  PAGES = {175-194},
  YEAR = {2016},
  MONTH = Jun  
}

@inproceedings{barrett:CAV2011,
  title={Cvc4},
  author={Barrett, Clark and Conway, Christopher and Deters, Morgan and Hadarean, Liana and Jovanovi{\'c}, Dejan and King, Tim and Reynolds, Andrew and Tinelli, Cesare},
  booktitle={Computer aided verification},
  year={2011},
  organization={Springer}
}

@inproceedings{armand:CPP2011,
  title={A modular integration of SAT/SMT solvers to Coq through proof witnesses},
  author={Armand, Micha{\"e}l and Faure, Germain and Gr{\'e}goire, Benjamin and Keller, Chantal and Th{\'e}ry, Laurent and Werner, Benjamin},
  booktitle={International Conference on Certified Programs and Proofs},
  pages={135--150},
  year={2011},
  organization={Springer}
}

@inproceedings{besson:CPP2011,
  title={Modular SMT proofs for fast reflexive checking inside Coq},
  author={Besson, Fr{\'e}d{\'e}ric and Cornilleau, Pierre-Emmanuel and Pichardie, David},
  booktitle={International Conference on Certified Programs and Proofs},
  pages={151--166},
  year={2011},
  organization={Springer}
}

@inproceedings{blanchette:FroCoS2011,
  title={Automatic proof and disproof in Isabelle/HOL},
  author={Blanchette, Jasmin Christian and Bulwahn, Lukas and Nipkow, Tobias},
  booktitle={International Symposium on Frontiers of Combining Systems},
  pages={12--27},
  year={2011},
  organization={Springer}
}

@article{deharbe2013,
  title={Integration of SMT-solvers in B and Event-B development environments},
  author={D{\'e}harbe, David},
  journal={Science of Computer Programming},
  volume={78},
  number={3},
  pages={310--326},
  year={2013},
  publisher={Elsevier}
}

@article{deharbe2014,
  title={Integrating SMT solvers in Rodin},
  author={D{\'e}harbe, David and Fontaine, Pascal and Guyot, Yoann and Voisin, Laurent},
  journal={Science of Computer Programming},
  volume={94},
  pages={130--143},
  year={2014},
  publisher={Elsevier}
}

@article{abrial2007,
  title={Refinement, decomposition, and instantiation of discrete models: Application to Event-B},
  author={Abrial, Jean-Raymond and Hallerstede, Stefan},
  journal={Fundamenta Informaticae},
  volume={77},
  number={1-2},
  year={2007},
  publisher={IOS Press}
}

@Article{bip,
  author =	 {Basu, Ananda and Bensalem, Saddek and Bozga, Marius
                  and Combaz, Jacques and Jaber, Mohamad and Nguyen,
                  Thanh-Hung and Sifakis, Joseph},
  journal =	 {IEEE Software},
  title =	 {Rigorous Component-Based System Design Using the
                  {BIP} Framework},
  year =	 2011,
  volume =	 28,
  number =	 3,
  pages =	 {41--48},
  doi =		 {10.1109/MS.2011.27},
}

@InProceedings{CubETH-case-study,
  author =	 {Mavridou, Anastasia and Stachtiari, Emmanouela and
                  Bliudze, Simon and Ivanov, Anton and Katsaros,
                  Panagiotis and Sifakis, Joseph},
  title =	 {Architecture-based Design: {A} Satellite On-board
                  Software Case Study},
  booktitle =	 {13th Int. Conf. on Formal Aspects of
                  Component Software (FACS 2016)},
  year =	 2016
}

@Article{AttieBBJS16-architectures-faoc,
  author = 	 {Attie, Paul and
                  Baranov, Eduard and
                  Bliudze, Simon and
                  Jaber, Mohamad and
                  Sifakis, Joseph},
  title = 	 {A General Framework for Architecture Composability},
  journal = 	 {Formal Aspects of Computing},
  year = 	 2016,
  volume = 	 18,
  number = 	 2,
  pages = 	 {207--231},
}

@Article{ BliSif08-acp-tc,
  author =	 "Simon Bliudze and Joseph Sifakis",
  title =	 "The Algebra of Connectors\mdash {S}tructuring
                  Interaction in {BIP}",
  journal =	 "{IEEE} Transactions on Computers",
  volume =	 57,
  number =	 10,
  year =	 2008,
  issn =	 "0018-9340",
  pages =	 "1315--1330",
  doi =		 "10.1109/TC.2008.26",
}

@Article{ BliSif10-causal-fmsd,
  author =	 "Simon Bliudze and Joseph Sifakis",
  title =	 "Causal semantics for the algebra of connectors",
  journal =	 "Formal Methods in System Design",
  year =	 2010,
  volume =	 36,
  number =	 2,
  pages =	 "167--194",
  doi =		 "10.1007/s10703-010-0091-z",
}

@article{BarBliu15-offer-scico,
  author =	 {Eduard Baranov and Simon Bliudze},
  title =	 {Offer semantics: {A}chieving compositionality,
                  flattening and full expressiveness for the glue
                  operators in {BIP}},
  journal =	 {Science of Computer Programming},
  volume =	 109,
  number =	 0,
  pages =	 {2--35},
  year =	 2015,
  issn =	 {0167-6423},
  doi =		 {10.1016/j.scico.2015.05.011},
}

@book{BaierKatoen2008,
 author = {Baier, C. and Katoen, J.-P.},
 title = {Principles of Model Checking (Representation and Mind Series)},
 year = {2008},
 isbn = {026202649X, 9780262026499},
 publisher = {The MIT Press},
} 

