@article{2007.10770,
  author    = {Rab{\'{e}}a Ameur{-}Boulifa and
               Ludovic Henrio and
               Eric Madelaine},
  title     = {Compositional equivalences based on Open pNets},
  journal   = {CoRR},
  volume    = {abs/2007.10770},
  year      = {2020},
  url       = {https://arxiv.org/abs/2007.10770},
  archivePrefix = {arXiv},
  eprint    = {2007.10770},
  timestamp = {Tue, 28 Jul 2020 14:46:12 +0200},
  biburl    = {https://dblp.org/rec/journals/corr/abs-2007-10770.bib},
  bibsource = {dblp computer science bibliography, https://dblp.org}
} % open automata

@InProceedings{henrio:01299562,
  author="Henrio, Ludovic and Madelaine, Eric and Zhang, Min",
  editor="Albert, Elvira and Lanese, Ivan",
  title="A Theory for the Composition of Concurrent Processes",
  booktitle="Formal Techniques for Distributed Objects, Components, and Systems",
  year="2016",
  publisher="Springer International Publishing",
  address="Cham",
  pages="175--194",
  abstract="In this paper, we provide a theory for the operators composing concurrent processes. Open pNets (parameterised networks of synchronised automata) are new semantic objects that we propose for defining the semantics of composition operators. This paper defines the operational semantics of open pNets, using ``open transitions'' that include symbolic hypotheses on the behaviour of the pNets ``holes''. We discuss when this semantics can be finite and how to compute it symbolically, and we illustrate this construction on a simple operator. This paper also defines a bisimulation equivalence between open pNets, and shows its decidability together with a congruence theorem.",
  isbn="978-3-319-39570-8"
} % open pNets

@techreport{qin:01823507,
  TITLE = {{Using SMT engine to generate Symbolic Automata -Extended version}},
  AUTHOR = {Qin, Xudong and Bliudze, Simon and Madelaine, Eric and Zhang, Min},
  URL = {https://hal.inria.fr/hal-01823507},
  TYPE = {Research Report},
  NUMBER = {RR-9177},
  INSTITUTION = {{Inria \& Universit{\'e} Cote d'Azur, CNRS, I3S, Sophia Antipolis, France ; inria}},
  YEAR = {2018},
  MONTH = Jun,
  KEYWORDS = {Networks of synchronized automata ; Symbolic behavioral semantics ; Compositional analysis of software systems ; S{\'e}mantique comportementale symbolique ; Analyse compositionelle de logiciels ; R{\'e}seaux d'automates synchronis{\'e}s},
  PDF = {https://hal.inria.fr/hal-01823507/file/RR-9177.pdf},
  HAL_ID = {hal-01823507},
  HAL_VERSION = {v1},
} % BIP in pNets

@article{ameurboulifa:01526055,
  TITLE = {{Behavioural semantics for asynchronous components}},
  AUTHOR = {Ameur-Boulifa, Rab{\'e}a and Henrio, Ludovic and Kulankhina, Oleksandra and Madelaine, Eric and Savu, Alexandra},
  URL = {https://hal.archives-ouvertes.fr/hal-01526055},
  JOURNAL = {{Journal of Logical and Algebraic Methods in Programming}},
  PUBLISHER = {{Elsevier}},
  VOLUME = {89},
  PAGES = {1 - 40},
  YEAR = {2017},
  DOI = {10.1016/j.jlamp.2017.02.003},
  KEYWORDS = {Behavioural specification ; futures ; software components ; distributed systems},
  PDF = {https://hal.archives-ouvertes.fr/hal-01526055/file/GCMOperationalSemantics.pdf},
  HAL_ID = {hal-01526055},
  HAL_VERSION = {v1},
} % GCM in pNets

@techreport{henrio:01252323,
  TITLE = {{Integrated environment for verifying and running distributed components -Extended version}},
  AUTHOR = {Henrio, Ludovic and Kulankhina, Oleksandra and Li, Siqi and Madelaine, Eric},
  URL = {https://hal.inria.fr/hal-01252323},
  TYPE = {Research Report},
  NUMBER = {RR-8841},
  PAGES = {24},
  INSTITUTION = {{INRIA Sophia-Antipolis}},
  YEAR = {2015},
  MONTH = Dec,
  KEYWORDS = {Structured labelled transition systems ; Formal methods ; Distributed systems ; Behavioral semantics ;  Syst{\`e}mes distribu{\'e}s ;  S{\'e}mantique comportementale ; M{\'e}thodes formelles ;  Syst{\`e}mes de transition structur{\'e}s},
  PDF = {https://hal.inria.fr/hal-01252323/file/RR8841.pdf},
  HAL_ID = {hal-01252323},
  HAL_VERSION = {v1},
} % open pNets used in VerCors as IR and for model checking

@techreport{henrio:01055091,
  TITLE = {{pNets: an Expressive Model for Parameterised Networks of Processes (Extended Version)}},
  AUTHOR = {Henrio, Ludovic and Madelaine, Eric and Zhang, Min},
  URL = {https://hal.inria.fr/hal-01055091},
  TYPE = {Research Report},
  NUMBER = {RR-8579},
  PAGES = {23},
  INSTITUTION = {{INRIA}},
  YEAR = {2014},
  MONTH = Nov,
  KEYWORDS = {Bisimulation ; Structured labelled transition systems ; Behavioral semantics ; Distributed systems ; Formal methods},
  PDF = {https://hal.inria.fr/hal-01055091v2/file/RR-8579.pdf},
  HAL_ID = {hal-01055091},
  HAL_VERSION = {v2},
} % FH-bisim

@article{ISOLOTOS,
  author = {Bolognesi, Tommaso and Brinksma, Ed},
  title = {Introduction to the ISO Specification Language LOTOS},
  year = {1987},
  issue_date = {March, 1987},
  publisher = {Elsevier Science Publishers B. V.},
  address = {NLD},
  volume = {14},
  number = {1},
  issn = {0169-7552},
  url = {https://doi.org/10.1016/0169-7552(87)90085-7},
  doi = {10.1016/0169-7552(87)90085-7},
  journal = {Comput. Netw. ISDN Syst.},
  month = mar,
  pages = {25–59},
  numpages = {35}
}

@techreport{wang:03126313,
  TITLE = {{Symbolic Weak Equivalences: Extension, Algorithms, and Minimization - Extended version}},
  AUTHOR = {Wang, Biyang and Madelaine, Eric and Zhang, Min},
  URL = {https://hal.inria.fr/hal-03126313},
  TYPE = {Research Report},
  NUMBER = {RR-9389},
  PAGES = {71},
  INSTITUTION = {{Inria \& Universit{\'e} Cote d'Azur, CNRS, I3S, Sophia Antipolis, France ; East China Normal University (Shanghai)}},
  YEAR = {2021},
  MONTH = Jan,
  KEYWORDS = {Minimization ; Reduction ; SMT Solver ; Open Systems ; Weak Bisimulation ; Symbolic Bisimulation ; Concurrent Systems ; Syst{\`e}mes concurrents ; Bisimulation Symbolique ; Bisimulation Faible ; Syst{\`e}mes ouverts ; Solveur SMT ; R{\'e}duction ; Minimisation},
  PDF = {https://hal.inria.fr/hal-03126313/file/RR9389.pdf},
  HAL_ID = {hal-03126313},
  HAL_VERSION = {v1},
} % Motivating example

@InProceedings{10.1007/3-540-54430-5_78,
  author="Fernandez, Jean-Claude and Mounier, Laurent",
  editor="Baeten, Jos C. M. and Groote, Jan Frisco",
  title="A tool set for deciding behavioral equivalences",
  booktitle="CONCUR '91",
  year="1991",
  publisher="Springer Berlin Heidelberg",
  address="Berlin, Heidelberg",
  pages="23--42",
  abstract="This paper deals with verification methods based on equivalence relations between labeled transition systems. More precisely, we are concerned by two practical needs: how to efficiently minimize and compare labeled transition systems with respect to bisimulation or simulation-based equivalence relations.",
  isbn="978-3-540-38357-4"
}

@article{basu:hal-00722395,
  TITLE = {{Rigorous Component-Based System Design Using the BIP Framework}},
  AUTHOR = {Basu, Ananda and Bensalem, Saddek and Bozga, Marius and Combaz, Jacques and Jaber, Mohamad and Nguyen, Thanh-Hung and Sifakis, Joseph},
  URL = {https://hal.archives-ouvertes.fr/hal-00722395},
  JOURNAL = {{IEEE Software}},
  PUBLISHER = {{Institute of Electrical and Electronics Engineers}},
  VOLUME = {28},
  NUMBER = {3},
  PAGES = {41-48},
  YEAR = {2011},
  MONTH = May,
  DOI = {10.1109/MS.2011.27},
  HAL_ID = {hal-00722395},
  HAL_VERSION = {v1},
}

@article{baude:inria-00323919,
  TITLE = {{GCM: A Grid Extension to Fractal for Autonomous Distributed Components}},
  AUTHOR = {Baude, Fran{\c c}oise and Caromel, Denis and Dalmasso, C{\'e}dric and Danelutto, Marco and Getov, Vladimir and Henrio, Ludovic and P{\'e}rez, Christian},
  URL = {https://hal.inria.fr/inria-00323919},
  JOURNAL = {{Annals of Telecommunications - annales des t{\'e}l{\'e}communications}},
  PUBLISHER = {{Springer}},
  YEAR = {2008},
  PDF = {https://hal.inria.fr/inria-00323919/file/GCM.pdf},
  HAL_ID = {inria-00323919},
  HAL_VERSION = {v1},
}