
@inproceedings{HMZ-FORTE2016,
	Author = {Henrio, Ludovic and Madelaine, Eric and Zhang, Min},
	Booktitle = {FORTE 2016},
	Editor = {Elvira Albert and	Ivan Lanese},
	Month = jun,
	Note = {11th International Federated Conference on Distributed Computing Techniques, 
		Heraklion, Greece. Extended version available at: 
		\url{https://hal.archives-ouvertes.fr/hal-01299562}},
	Organization = {IFIP International Federation for Information Processing},
	Publisher = {Springer},
	Series = {LNCS},
	Title = {A Theory for the Composition of Concurrent Processes},
	Year = 2016
}

@Article{bip,
  author =	 {Basu, Ananda and Bensalem, Saddek and Bozga, Marius
                  and Combaz, Jacques and Jaber, Mohamad and Nguyen,
                  Thanh-Hung and Sifakis, Joseph},
  journal =	 {IEEE Software},
  title =	 {Rigorous Component-Based System Design Using the
                  {BIP} Framework},
  year =	 2011,
  volume =	 28,
  number =	 3,
  pages =	 {41--48},
  doi =		 {10.1109/MS.2011.27},
}

@InProceedings{CubETH-case-study,
  author =	 {Mavridou, Anastasia and Stachtiari, Emmanouela and
                  Bliudze, Simon and Ivanov, Anton and Katsaros,
                  Panagiotis and Sifakis, Joseph},
  title =	 {Architecture-based Design: {A} Satellite On-board
                  Software Case Study},
  booktitle =	 {13th Int. Conf. on Formal Aspects of
                  Component Software (FACS 2016)},
  year =	 2016
}

@Article{AttieBBJS16-architectures-faoc,
  author = 	 {Attie, Paul and
                  Baranov, Eduard and
                  Bliudze, Simon and
                  Jaber, Mohamad and
                  Sifakis, Joseph},
  title = 	 {A General Framework for Architecture Composability},
  journal = 	 {Formal Aspects of Computing},
  year = 	 2016,
  volume = 	 18,
  number = 	 2,
  pages = 	 {207--231},
}

@Article{ BliSif08-acp-tc,
  author =	 "Simon Bliudze and Joseph Sifakis",
  title =	 "The Algebra of Connectors\mdash {S}tructuring
                  Interaction in {BIP}",
  journal =	 "{IEEE} Transactions on Computers",
  volume =	 57,
  number =	 10,
  year =	 2008,
  issn =	 "0018-9340",
  pages =	 "1315--1330",
  doi =		 "10.1109/TC.2008.26",
}

@Article{ BliSif10-causal-fmsd,
  author =	 "Simon Bliudze and Joseph Sifakis",
  title =	 "Causal semantics for the algebra of connectors",
  journal =	 "Formal Methods in System Design",
  year =	 2010,
  volume =	 36,
  number =	 2,
  pages =	 "167--194",
  doi =		 "10.1007/s10703-010-0091-z",
}

@article{BarBliu15-offer-scico,
  author =	 {Eduard Baranov and Simon Bliudze},
  title =	 {Offer semantics: {A}chieving compositionality,
                  flattening and full expressiveness for the glue
                  operators in {BIP}},
  journal =	 {Science of Computer Programming},
  volume =	 109,
  number =	 0,
  pages =	 {2--35},
  year =	 2015,
  issn =	 {0167-6423},
  doi =		 {10.1016/j.scico.2015.05.011},
}

@book{BaierKatoen2008,
 author = {Baier, C. and Katoen, J.-P.},
 title = {Principles of Model Checking (Representation and Mind Series)},
 year = {2008},
 isbn = {026202649X, 9780262026499},
 publisher = {The MIT Press},
} 

@Article{milner83-calculi,
  author =       {Robin Milner},
  title =        {Calculi for synchrony and asynchrony},
  journal =      {Theoretical Computer Science},
  year =         1983,
  volume =       25,
  number =       3,
  pages =        {267--310},
  doi =          {10.1016/0304-3975(83)90114-7}
}

@inproceedings{BliSif07-acp-emsoft,
  author = {Simon Bliudze and Joseph Sifakis},
  title = {The {A}lgebra of {C}onnectors\mdash {S}tructuring Interaction in {BIP}},
  booktitle = {Proceedings of the 7th {ACM \& IEEE} International Conference on Embedded Software, {EMSOFT} 2007},
  year = 2007,
  address = {Salzburg, Austria},
  month = oct,
  organization = {ACM SigBED},
  pages = {11--20},
  doi = {10.1145/1289927.1289935},
  note = {},
  pdf = {http://www.bliudze.me/simon/articles/acp-bliudze-sifakis-emsoft07.pdf}
}

@article{AmeurBoulifa2017,
  title = "Behavioural semantics for asynchronous components ",
  journal = "Journal of Logical and Algebraic Methods in Programming ",
  volume = "89",
  number = "",
  pages = "1 - 40",
  year = "2017",
  note = "",
  issn = "2352-2208",
  doi = "https://doi.org/10.1016/j.jlamp.2017.02.003",
  url = "http://www.sciencedirect.com/science/article/pii/S2352220817300287",
  author = "R. Ameur-Boulifa and L. Henrio and O. Kulankhina and E. Madelaine and A. Savu"
}

@inproceedings{HMZ-FORTE2016QBMZ-AVOCS18,
	Author = {Qin, Xudong and Bliudze, Simon and Madelaine, Eric and Zhang, Min},
	Booktitle = {18th International Workshop on Automated Verification of Critical Systems (AVOCS 2018)},
	Month = jul,
	Note = {\url{https://hal.inria.fr/hal-01962971v11}},
	Publisher = {Electronic Communications of the EASST},
	Title = {Using SMT engine to generate Symbolic Automata},
	Year = 2018
}

@article{DDJO:JLAMP2012,
title = "Observable behavior of distributed systems: Component reasoning for concurrent objects",
journal = "The Journal of Logic and Algebraic Programming",
volume = "81",
number = "3",
pages = "227 - 256",
year = "2012",
note = "The 22nd Nordic Workshop on Programming Theory (NWPT 2010)",
issn = "1567-8326",
doi = "https://doi.org/10.1016/j.jlap.2012.01.003",
author = "Crystal Chang Din and Johan Dovland and Einar Broch Johnsen and Olaf Owe",
keywords = "Distributed systems, Object-orientation, Compositional reasoning, Hoare Logic, Concurrent objects"
}

@book{BHS:Key2007,
 author = {Beckert, Bernhard and H\"{a}hnle, Reiner and Schmitt, Peter H.},
 title = {Verification of Object-oriented Software: The KeY Approach},
 year = {2007},
 isbn = {3-540-68977-X, 978-3-540-68977-5},
 publisher = {Springer-Verlag},
 address = {Berlin, Heidelberg},
} 

@inproceedings{BCDLM:CBSE2014,
  TITLE = {{Coqcots \& Pycots: non-stopping components for safe dynamic reconfiguration}},
  AUTHOR = {Buisson, J{\'e}r{\'e}my and Calvacante, Everton and Dagnat, Fabien and Leroux, Elena and Martinez, S{\'e}bastien},
  URL = {https://hal.archives-ouvertes.fr/hal-00984365},
  BOOKTITLE = {{CBSE 2014 : proceedings of the 17th international ACM Sigsoft symposium on Component-based software engineering}},
  ADDRESS = {Lille, France},
  HAL_LOCAL_REFERENCE = {14487},
  PAGES = {1},
  YEAR = {2014},
  MONTH = Jun,
  DOI = {10.1145/2602458.2602459},
  KEYWORDS = {Pycots ; Coqcots ; runtime evolution ; Coq ; Python ; DSU ; dynamic reconfiguration ; component model ; dynamic software updating},
  PDF = {https://hal.archives-ouvertes.fr/hal-00984365/file/hal.pdf},
  HAL_ID = {hal-00984365},
  HAL_VERSION = {v1},
}
